<record><leader>00000cas a2200000 a 4500</leader><controlfield tag="001">10178347</controlfield><controlfield tag="007">hd bfu---bact</controlfield><controlfield tag="008">831201d18991901nbuwr nea     0   a0eng d</controlfield><datafield ind1=" " ind2=" " tag="010"><subfield code="a">sn 96080315 </subfield></datafield><datafield ind1=" " ind2=" " tag="040"><subfield code="a">LDL</subfield><subfield code="b">eng</subfield><subfield code="c">LDL</subfield><subfield code="d">NVG</subfield><subfield code="d">OCL</subfield><subfield code="d">OCLCQ</subfield><subfield code="d">OCLCF</subfield><subfield code="d">OCLCO</subfield><subfield code="d">OCLCQ</subfield></datafield><datafield ind1=" " ind2=" " tag="042"><subfield code="a">msc</subfield></datafield><datafield ind1=" " ind2=" " tag="043"><subfield code="a">n-us-nb</subfield></datafield><datafield ind1="0" ind2="4" tag="245"><subfield code="a">The Nebraskan-Hesperian.</subfield></datafield><datafield ind1=" " ind2=" " tag="260"><subfield code="a">Lincoln :</subfield><subfield code="b">University Pub. Co.,</subfield><subfield code="c">1899-1901.</subfield></datafield><datafield ind1=" " ind2=" " tag="300"><subfield code="a">3 volumes :</subfield><subfield code="b">illustrations</subfield></datafield><datafield ind1=" " ind2=" " tag="310"><subfield code="a">Weekly (during academic year)</subfield></datafield><datafield ind1=" " ind2=" " tag="336"><subfield code="a">text</subfield><subfield code="b">txt</subfield><subfield code="2">rdacontent</subfield></datafield><datafield ind1=" " ind2=" " tag="337"><subfield code="a">microform</subfield><subfield code="b">h</subfield><subfield code="2">rdamedia</subfield></datafield><datafield ind1=" " ind2=" " tag="338"><subfield code="a">microfilm reel</subfield><subfield code="b">hd</subfield><subfield code="2">rdacarrier</subfield></datafield><datafield ind1="0" ind2=" " tag="362"><subfield code="a">Vol. 28-8, no. 1 (Sept. 19, 1899)- v. 9-30, no. 37 (June 4, 1901).</subfield></datafield><datafield ind1=" " ind2=" " tag="500"><subfield code="a">Student publication of the University of Nebraska.</subfield></datafield><datafield ind1=" " ind2=" " tag="515"><subfield code="a">Combines vol. numbering of earlier titles; reverses order of vol. numbers with second issue.</subfield></datafield><datafield ind1=" " ind2=" " tag="580"><subfield code="a">Formed by the union of: Hesperian (Lincoln, Neb.), and: Nebraskan.</subfield></datafield><datafield ind1=" " ind2=" " tag="533"><subfield code="a">Microfilm.</subfield><subfield code="b">Lincoln, Neb. :</subfield><subfield code="c">University of Nebraska Archives,</subfield><subfield code="d">1972.</subfield><subfield code="e">l microfilm reel ; 35mm.</subfield></datafield><datafield ind1="2" ind2="0" tag="610"><subfield code="a">University of Nebraska (Lincoln campus)</subfield><subfield code="v">Newspapers.</subfield></datafield><datafield ind1="2" ind2="7" tag="610"><subfield code="a">University of Nebraska (Lincoln campus)</subfield><subfield code="2">fast</subfield><subfield code="0">(OCoLC)fst00531033</subfield></datafield><datafield ind1=" " ind2="7" tag="655"><subfield code="a">Newspapers.</subfield><subfield code="2">fast</subfield><subfield code="0">(OCoLC)fst01423814</subfield></datafield><datafield ind1="2" ind2=" " tag="710"><subfield code="a">University of Nebraska (Lincoln campus)</subfield></datafield><datafield ind1=" " ind2=" " tag="752"><subfield code="a">United States</subfield><subfield code="b">Nebraska</subfield><subfield code="c">Lancaster</subfield><subfield code="d">Lincoln.</subfield></datafield><datafield ind1="1" ind2="4" tag="780"><subfield code="t">Hesperian (Lincoln, Neb.)</subfield><subfield code="w">(DLC)sn 96080314</subfield><subfield code="w">(OCoLC)10180493</subfield></datafield><datafield ind1="1" ind2="4" tag="780"><subfield code="t">Nebraskan</subfield><subfield code="w">(DLC)sn 96080313</subfield><subfield code="w">(OCoLC)10178410</subfield></datafield><datafield ind1="0" ind2="0" tag="785"><subfield code="t">Daily Nebraskan</subfield><subfield code="w">(DLC)sn 96080311</subfield><subfield code="w">(OCoLC)10178288</subfield></datafield><datafield ind1="1" ind2=" " tag="029"><subfield code="a">AU@</subfield><subfield code="b">000012570531</subfield></datafield></record>